@article{ramakrishnan2014quantum,
  title     = {Quantum chemistry structures and properties of 134 kilo molecules},
  author    = {Ramakrishnan, Raghunathan and Dral, Pavlo O and Rupp, Matthias and Von Lilienfeld, O Anatole},
  journal   = {Scientific data},
  volume    = {1},
  number    = {1},
  pages     = {1--7},
  year      = {2014},
  publisher = {Nature Publishing Group}
}

@article{krenn2020self,
  title     = {Self-Referencing Embedded Strings (SELFIES): A 100\% robust molecular string representation},
  author    = {Krenn, Mario and H{\"a}se, Florian and Nigam, AkshatKumar and Friederich, Pascal and Aspuru-Guzik, Alan},
  journal   = {Machine Learning: Science and Technology},
  volume    = {1},
  number    = {4},
  pages     = {045024},
  year      = {2020},
  publisher = {IOP Publishing}
}

@article{sterling2015zinc,
  title     = {ZINC 15--ligand discovery for everyone},
  author    = {Sterling, Teague and Irwin, John J},
  journal   = {Journal of chemical information and modeling},
  volume    = {55},
  number    = {11},
  pages     = {2324--2337},
  year      = {2015},
  publisher = {ACS Publications}
}
