@book{Gressling+2020,
author = {Thorsten Gressling},
doi = {doi:10.1515/9783110629453},
url = {https://doi.org/10.1515/9783110629453},
title = {Data Science in Chemistry: Artificial Intelligence, Big Data, Chemometrics and Quantum Computing with Jupyter},
year = {2020},
publisher = {De Gruyter},
ISBN = {9783110629453},
lastchecked = {2022-05-19}
}

@book{doi:10.1021/acs.infocus.7e4001,
author = {Janet, Jon Paul and Kulik, Heather J.},
title = {Machine Learning in Chemistry},
publisher = {American Chemical Society},
year = {2020},
doi = {10.1021/acs.infocus.7e4001},
address = {Washington, DC, USA},
edition   = {},
URL = {https://pubs.acs.org/doi/abs/10.1021/acs.infocus.7e4001},
eprint = {https://pubs.acs.org/doi/pdf/10.1021/acs.infocus.7e4001}
}

@book{10.1039/9781839160233,
editor ="Cartwright, Hugh M",
title  ="Machine Learning in Chemistry",
subtitle  ="The Impact of Artificial Intelligence",
publisher  ="The Royal Society of Chemistry",
year  ="2020",
series  ="Theoretical and Computational Chemistry Series",
edition  ="",
isbn  ="978-1-78801-789-3",
doi  ="10.1039/9781839160233",
url  ="http://dx.doi.org/10.1039/9781839160233",
abstract  ="",
pages  ="P001-546"
}


@article{smith2017ani,
  title={ANI-1: an extensible neural network potential with DFT accuracy at force field computational cost},
  author={Smith, Justin S and Isayev, Olexandr and Roitberg, Adrian E},
  journal={Chemical science},
  volume={8},
  number={4},
  pages={3192--3203},
  year={2017},
  publisher={Royal Society of Chemistry}
}
